@book{AmadioCurien1998,
  title =	 {Domains and Lambda-Calculi},
  DOI =		 {10.1017/cbo9780511983504},
  publisher =	 {Cambridge University Press},
  author =	 {Amadio, Roberto M. and Curien, Pierre-Louis},
  series =	 {Cambridge Tracts in Theoretical Computer Science},
  year =	 1998
}

@phdthesis{Bauer2000,
  author =	 {Bauer, Andrej},
  title =	 {The Realizability Approach to Computable Analysis and
                  Topology},
  year =	 2000,
  school =	 {Carnegie Mellon University},
  addendum =	 {Available as technical report
                  \href{http://reports-archive.adm.cs.cmu.edu/anon/2000/abstracts/00-164.html}{CMU-CS-00-164}}
}

@inproceedings{Bauer2006,
  title =	 {First Steps in Synthetic Computability Theory},
  author =	 {Bauer, Andrej},
  year =	 2006,
  pages =	 {5--31},
  volume =	 155,
  series =	 {Electronic Notes in Theoretical Computer Science},
  editor =	 {Escard\'o, M. and Jung, A. and Mislove, M.},
  booktitle =	 {Proceedings of the 21st Annual Conference on Mathematical
                  Foundations of Programming Semantics (MFPS XXI)},
  doi =		 {10.1016/j.entcs.2005.11.049}
}

@misc{Bauer2012,
  title =	 {Substitution is pullback},
  year =	 2012,
  date =	 {2012-09-28},
  author =	 {Bauer, Andrej},
  url =		 {https://math.andrej.com/2012/09/28/substitution-is-pullback/},
  note =	 {Blog post}
}

@unpublished{Bauer2023,
  title =	 {Notes on realizability},
  author =	 {Bauer, Andrej},
  year =	 2023,
  date =	 {2023-05-06},
  note =	 {Lecture notes},
  url =
                  {https://www.andrej.com/zapiski/MGS-2022/notes-on-realizability.pdf}
}

@misc{Bauer2024,
  title =	 {Partial Combinatory Algebras},
  author =	 {Bauer, Andrej},
  year =	 2024,
  note =	 {Lean 4 formalization of partial combinatory algebras},
  howpublished =
                  {\url{https://andrejbauer.github.io/partial-combinatory-algebras/}},
  url =		 {https://github.com/andrejbauer/partial-combinatory-algebras}
}

@unpublished{BauerHanson2025,
  title =	 {The Countable Reals},
  author =	 {Bauer, Andrej and Hanson, James E.},
  year =	 2025,
  eprint =	 {2404.01256},
  archivePrefix ={arXiv},
  primaryClass = {math.LO}
}

@misc{Chhabra2023,
  title =	 {Experiments with Realizability in Univalent Type Theory},
  author =	 {Chhabra, Rahul},
  year =	 2023,
  howpublished = {\url{https://rahulc29.github.io/realizability/}},
  url =		 {https://github.com/rahulc29/realizability},
  note =	 {Cubical Agda development accompanying an BTech thesis}
}

@inproceedings{Escardo2004,
  title =	 {Synthetic Topology},
  subtitle =	 {of Data Types and Classical Spaces},
  volume =	 87,
  pages =	 {21--156},
  year =	 2004,
  series =	 {Electronic Notes in Theoretical Computer Science},
  editor =	 {Desharnais, J. and Panangaden, P.},
  booktitle =	 {Proceedings of the Workshop on Domain Theoretic Methods for
                  Probabilistic Processes (DTMPP 2003)},
  doi =		 {10.1016/j.entcs.2004.09.017},
  author =	 {Escard\'o, Mart\'in}
}

@book{FreydScedrov1990,
  author =	 {Freyd, Peter J. and Andre Scedrov},
  title =	 {Categories, Allegories},
  year =	 1990,
  DOI =		 {10.1016/s0924-6509(08)x7003-5},
  series =	 {North-Holland Mathematical Library},
  volume =	 39,
  publisher =	 {Elsevier},
  year =	 1990
}

@article{HJP1980,
  title =	 {Tripos theory},
  volume =	 88,
  number =	 2,
  journal =	 {Mathematical Proceedings of the Cambridge Philosophical
                  Society},
  author =	 {Hyland, J.~M.~E. and Johnstone, P.~T. and Pitts, A.~M.},
  year =	 1980,
  pages =	 {205--232},
  DOI =		 {10.1017/S0305004100057534},
}

@inproceedings{Hyland1982,
  title =	 {The Effective Topos},
  author =	 {Hyland, J.~M.~E.},
  volume =	 110,
  pages =	 {165--216},
  year =	 1982,
  series =	 {Studies in Logic and the Foundations of Mathematics},
  editors =	 {Troelstra, A.~S. and van Dalen, D.},
  booktitle =	 {The L.~E.~J. Brouwer Centenary Symposium},
  booksubtitle = {Proceedings of the Conference held in Noordwijkerhout, 8-13
                  June, 1981},
  publisher =	 {North-Holland Publishing Company},
  doi =		 {10.1016/S0049-237X(09)70129-6}
}

@book{Jacobs1999,
  title =	 {Categorical Logic and Type Theory},
  author =	 {Jacobs, Bart},
  year =	 1999,
  volume =	 141,
  series =	 {Studies in Logic and the Foundations of Mathematics},
  publisher =	 {Elsevier},
  doi =		 {10.1016/s0049-237x(98)x8028-6}
}

@article{Kleene1945,
  title =	 {On the interpretation of intuitionistic number theory},
  volume =	 10,
  DOI =		 {10.2307/2269016},
  number =	 4,
  journal =	 {Journal of Symbolic Logic},
  author =	 {Kleene, S.~C.},
  year =	 1945,
  pages =	 {109--124}
}

@book{KleeneVesley1965,
  title =	 {The Foundations of Intuitionistic Mathematics},
  subtitle =	 {Especially in relation to recursive functions},
  year =	 1965,
  publisher =	 {North-Holland Publishing Company},
  author =	 {Kleene, Stephen Cole and Vesley, Richard Eugene},
  series =	 {Studies in Logic and the Foundations of Mathematics},
  volume =	 39,
  doi =		 {10.1016/s0049-237x(08)x7064-8}
}

@book{LambekScott1986,
  title =	 {Introduction to Higher-Order Categorical Logic},
  author =	 {Lambek, J. and Scott, P.~J.},
  year =	 1986,
  publisher =	 {Cambridge University Press},
  series =	 {Cambridge studies in advanced mathematics},
  volume =	 7
}

@phdthesis{Lawvere1963,
  title =	 {Functorial Semantics of Algebraic Theories and Some Algebraic
                  Problems in the context of Functorial Semantics of Algebraic
                  Theories},
  author =	 {Lawvere, F.~William},
  year =	 1963,
  school =	 {Columbia University},
  addendum =	 {Republished in: \emph{Reprints in Theory and Applications of
                  Categories}, No. 5 (2004), pp.~1--121},
  url =		 {http://www.tac.mta.ca/tac/reprints/articles/5/tr5abs.html}
}

@mvbook{Elephant,
  title =        {Sketches of an Elephant: A Topos Theory Compendium},
  author =       {Johnstone, Peter T.},
  year =         2002,
  publisher =    {Oxford University Press},
  volumes =      2,
  series =       {Oxford Logic Guides}
}

@article{Lawvere1969,
  title =	 {Adjointness in Foundations},
  volume =	 23,
  DOI =		 {10.1111/j.1746-8361.1969.tb01194.x},
  number =	 {3--4},
  journal =	 {dialectica},
  author =	 {Lawvere, F. William},
  year =	 1969,
  pages =	 {281--296}
}

@misc{Liao2025,
  title =	 {Basics of realizability},
  author =	 {Liao, Am\'elia},
  year =	 2025,
  url =		 {https://github.com/the1lab/1lab/pull/482},
  note =	 {Part of the 1Lab: \url{https://1lab.dev}}
}

@phdthesis{Lietz2004,
  title =	 {From Constructive Mathematics to Computable Analysis via the
                  Realizability Interpretation},
  school =	 {Technischen Universit\"at Darmstadt},
  year =	 2004,
  author =	 {Lietz, Peter},
  url =		 {https://tuprints.ulb.tu-darmstadt.de/id/eprint/528}
}

@phdthesis{Longley1995,
  title =	 {Realizability Toposes and Language Semantics},
  author =	 {Longley, John~R.},
  year =	 1995,
  school =	 {University of Edinburgh},
  doi =		 {1842/402},
  addendum =	 {Available as technical report
                  \href{https://www.lfcs.inf.ed.ac.uk/reports/95/ECS-LFCS-95-332/}{ECS-LFCS-95-332}}
}

@unpublished{Longley1999,
  title =	 {Unifying Types and Untyped Realizability},
  year =	 1999,
  author =	 {John Longley},
  url =		 {https://homepages.inf.ed.ac.uk/jrl/Research/unifying.txt}
}

@book{LongleyNormann2015,
  title =	 {Higher-Order Computability},
  author =	 {John Longley and Dag Normann},
  year =	 2015,
  publisher =	 {Springer},
  series =	 {Theory and Applications of Computability},
  doi =		 {10.1007/978-3-662-47992-6}
}

@phdthesis{Luo1990,
  title =	 {An Extended Calculus of Constructions},
  author =	 {Luo, Zhaohui},
  year =	 1990,
  school =	 {Deparment of Computer Science, The University of Edinburgh},
  doi =		 {1842/12487},
  addendum =	 {Available as technical report
                  \href{https://www.lfcs.inf.ed.ac.uk/reports/90/ECS-LFCS-90-118/}{ECS-LFCS-90-118}}
}

@book{Luo1994,
  title =	 {Computation and Reasoning},
  subtitle =	 {A Type Theory for Computer Science},
  author =	 {Luo, Zhaohui},
  year =	 1994,
  publisher =	 {Oxford University Press},
  doi =		 {10.1093/oso/9780198538356.001.0001},
  url =
                  {https://www.researchgate.net/profile/Zhaohui-Luo-4/publication/243770570_Computation_and_Reasoning_A_Type_Theory_for_Computer_Science/links/54d0dc6b0cf29ca81103f26a/Computation-and-Reasoning-A-Type-Theory-for-Computer-Science.pdf}
}

@book{MacLaneMoerdijk1994,
  title =	 {Sheaves in Geometry and Logic},
  subtitle =	 {A First Introduction to Topos Theory},
  DOI =		 {10.1007/978-1-4612-0927-0},
  series =	 {Universitext},
  publisher =	 {Springer},
  author =	 {Mac Lane, Saunders and Moerdijk, Ieke},
  year =	 1994
}

@book{McLarty1992,
  title =	 {Elementary Categories, Elementary Toposes},
  DOI =		 {10.1093/oso/9780198533924.001.0001},
  publisher =	 {Oxford University Press},
  author =	 {McLarty, Colin},
  year =	 1992,
}

@inproceedings{Minlog,
  title =	 {Minlog - A Tool for Program Extraction Supporting Algebras and
                  Coalgebras},
  DOI =		 {10.1007/978-3-642-22944-2_29},
  series =	 {Lecture Notes in Computer Science},
  volume =	 6859,
  booktitle =	 {Algebra and Coalgebra in Computer Science},
  booksubtitle = {4th International Conference, CALCO 2011. Winchester, UK,
                  August/September 2011. Proceedings},
  editor =	 {Corradini, Andrea and Klin, Bartek and C\^irstea, Corina},
  publisher =	 {Springer},
  author =	 {Berger, Ulrich and Miyamoto, Kenji and Schwichtenberg, Helmut
                  and Seisenberger, Monika},
  year =	 2011,
  pages =	 {393--399}
}

@online{NCF,
  title =        {Answer to the Mathematics Stack Exchange post titled ``In a
                  CCC with the initial object, can I have a morphism A -> 0?''},
  author =       {Na\"im Favier},
  date =         {2024-03-08},
  url =
                  {https://math.stackexchange.com/questions/3977129/in-a-ccc-with-the-initial-object-can-i-have-a-morphism-a-0/4877251#4877251}
}

@phdthesis{Pitts1981,
  author =	 {Pitts, Andrew Mawdesley},
  title =	 {The Theory of Triposes},
  year =	 1981,
  school =	 {University of Cambridge},
  url =		 {https://www.cl.cam.ac.uk/~amp12/papers/thet/thet.pdf}
}

@article{Plotkin1977,
  title =	 {{LCF} considered as a programming language},
  author =	 {Plotkin, G.~D.},
  journal =	 {Theoretical Computer Science},
  year =	 1977,
  number =	 3,
  volume =	 5,
  pages =	 {223-255},
  doi =		 {10.1016/0304-3975(77)90044-5}
}

@inproceedings{Reus1999,
  title =	 {Realizability Models for Type Theories},
  volume =	 23,
  DOI =		 {10.1016/s1571-0661(04)00108-2},
  number =	 1,
  series =	 {Electronic Notes in Theoretical Computer Science},
  publisher =	 {Elsevier},
  author =	 {Reus, Bernhard},
  editor =	 {Birkedal, Lars and van Oosten, Jaap and Rosolini, Giuseppe and
                  Scott, Dana S.},
  booktitle =	 {Tutorial Workshop on Realizability Semantics and Applications
                  (associated to FLoC'99, the 1999 Federated Logic Conference)},
  year =	 1999,
  pages =	 {128--158}
}

@inproceedings{Reynolds1984,
  title =	 {Polymorphism is not set-theoretic},
  DOI =		 {10.1007/3-540-13346-1_7},
  series =	 {Lecture Notes in Computer Science},
  volume =	 173,
  editor =	 {Kahn, Gilles and MacQueen, David B. and Plotkin, Gordon},
  publisher =	 {Springer-Verlag},
  author =	 {Reynolds, John C.},
  booktitle =	 {Semantics of Data Types},
  booksubtitle = {International Symposium. Sophia-Antipolis, France, June
                  1984. Proceedings},
  year =	 1984,
  pages =	 {145--156}
}

@article{Schonfinkel1924,
  author =	 {Sch\"onfinkel, M.},
  title =	 {\"Uber die Bausteine der mathematischen Logik},
  year =	 1924,
  journal =	 {Mathematische Annalen},
  volume =	 92,
  number =	 3,
  pages =	 {305--316},
  doi =		 {10.1007/BF01448013}
}

@inproceedings{Scott1972,
  author =	 {Scott, Dana},
  pages =	 {97--136},
  title =	 {Continuous lattices},
  editor =	 {Lawvere, F.~W.},
  series =	 {Lecture Notes in Mathematics},
  volume =	 274,
  booktitle =	 {Toposes, Algebraic Geometry and Logic},
  year =	 1972,
  publisher =	 {Springer},
  doi =		 {10.1007/BFB0073967},
}

@article{Scott1976,
  author =	 {Scott, Dana},
  title =	 {Data Types as Lattices},
  journal =	 {SIAM Journal on Computing},
  volume =	 5,
  number =	 3,
  pages =	 {522--587},
  year =	 1976,
  doi =		 {10.1137/0205037}
}

@article{Seely1984,
  title =	 {Locally cartesian closed categories and type theory},
  volume =	 95,
  DOI =		 {10.1017/s0305004100061284},
  number =	 1,
  journal =	 {Mathematical Proceedings of the Cambridge Philosophical
                  Society},
  author =	 {Seely, R.~A.~G.},
  year =	 1984,
  pages =	 {33--48}
}

@incollection{Smyth1992,
  title =	 {Topology},
  author =	 {Smyth, M.~B.},
  pages =	 {641--762},
  volume =	 1,
  booktitle =	 {Background: Mathematical structures},
  series =	 {Handbook of Logic in Computer Science},
  editor =	 {Abramsky, S. and Gabbay, Dov~M. and Maibaum, T.~S.~E.},
  year =	 1992,
  publisher =	 {Clarendon Press}
}

@book{Streicher1991,
  title =	 {Semantics of Type Theory},
  DOI =		 {10.1007/978-1-4612-0433-6},
  publisher =	 {Birkh\"auser},
  author =	 {Streicher, Thomas},
  year =	 1991
}

@unpublished{Streicher2004,
  title =	 {Introduction to CATEGORY THEORY and CATEGORICAL LOGIC},
  author =	 {Streicher, Thomas},
  year =	 2004,
  url =		 {https://www2.mathematik.tu-darmstadt.de/~streicher/CTCL.pdf},
  note =	 {Lecture notes}
}

@unpublished{Streicher2018,
  author =	 {Streicher, Thomas},
  title =	 {Realizability},
  year =	 2018,
  url =
                  {https://www2.mathematik.tu-darmstadt.de/~streicher/REAL/REAL.pdf},
  note =	 {Lecture notes}
}

@incollection{Troelstra1998,
  title =	 {Realizability},
  DOI =		 {10.1016/s0049-237x(98)80021-9},
  booktitle =	 {Handbook of Proof Theory},
  series =	 {Studies in Logic and the Foundations of Mathematics},
  volume =	 137,
  publisher =	 {Elsevier},
  author =	 {Troelstra, A.~S.},
  editor =	 {Buss, Samuel~R.},
  year =	 1998,
  pages =	 {407--473}
}

@book{TroelstraVanDalen1988,
  author =	 {Troelstra, A.~S. and van Dalen, D.},
  title =	 {Constructivism in Mathematics},
  subtitle =	 {An introduction},
  volume =	 1,
  publisher =	 {North-Holland Publishing Company},
  year =	 1988,
  series =	 {Studies in Logic and the Foundations of Mathematics},
  number =	 121
}

@book{Vickers1996,
  title =	 {Topology via Logic},
  author =	 {Vickers, Steven},
  year =	 1996,
  series =	 {Cambridge Tracts in Theoretical Computer Science},
  publisher =	 {Cambridge University Press}
}

@book{Weihrauch2000,
  title =	 {Computable Analysis},
  subtitle =	 {An Introduction},
  DOI =		 {10.1007/978-3-642-56999-9},
  series =	 {Texts in Theoretical Computer Science. An EATCS Series},
  publisher =	 {Springer},
  author =	 {Weihrauch, Klaus},
  year =	 2000
}

@mastersthesis{Zoethout2018,
  title =	 {Slices of Realizability Topoi},
  author =	 {Zoethout, Jetze},
  year =	 2018,
  doi =		 {20.500.12932/28690},
  type =	 {Master's thesis},
  school =	 {Utrecht University}
}

@mastersthesis{deJong2018,
  title =	 {Realizability with Scott's Graph Model},
  year =	 2018,
  author =	 {de Jong, Tom},
  doi =		 {20.500.12932/29734},
  school =	 {Utrecht University},
  type =	 {Master's thesis},
}

@unpublished{deJong2023,
  title =	 {Domain Theory and Denotational Semantics},
  year =	 2023,
  author =	 {de Jong, Tom},
  note =	 {Lecture notes and exercises for the Midlands Graduate School
                  (MGS), 2--6 April 2023, Birmingham, UK},
  url =
                  {https://github.com/tomdjong/MGS-domain-theory/blob/main/README.md}
}

@misc{latex-triangle,
  title =	 {Add text to Penrose triangle},
  author =	 {AboAmmar},
  date =	 {2014-08-31},
  note =	 {\TeX\ StackExchange answer},
  url =		 {https://tex.stackexchange.com/a/198782}
}

@article{vanOosten2002,
  title =	 {Realizability: a historical essay},
  volume =	 12,
  DOI =		 {10.1017/s0960129502003626},
  number =	 3,
  journal =	 {Mathematical Structures in Computer Science},
  author =	 {van Oosten, Jaap},
  year =	 2002,
}

@book{vanOosten2008,
  title =	 {Realizability: An Introduction to its Categorical Side},
  author =	 {van Oosten, Jaap},
  series =	 {Studies in Logic and the Foundations of Mathematics},
  volume =	 152,
  year =	 2008,
  publisher =	 {Elsevier},
  editor =	 {S. Abramsky and S. Artemov and D.~M. Gabbay and A. Kechris and
                  A. Pillay and R.~A. Shore},
  doi =		 {10.1016/s0049-237X(08)X8001-2}
}

@unpublished{vanOosten2016,
  title =	 {Basic Category Theory and Topos Theory},
  author =	 {van Oosten, Jaap},
  year =	 2016,
  month =	 2,
  note =	 {Lecture notes with exercises},
  url =
                  {https://www.staff.science.uu.nl/~ooste110/syllabi/cattop16.pdf}
}
